<?xml version="1.0" encoding="UTF-8"?><collection xmlns="http://www.loc.gov/MARC21/slim"><record><leader>00731nam--2200181-i-4500</leader><controlfield tag="001">000007373</controlfield><controlfield tag="002">20161230</controlfield><controlfield tag="005">20161230201027</controlfield><controlfield tag="008">060222s1000------------r-----000-0-eng-d</controlfield><datafield ind1=" " ind2=" " tag="020"><subfield code="a">3528080272</subfield></datafield><datafield ind1=" " ind2=" " tag="040"><subfield code="a">IFIN-HH</subfield></datafield><datafield ind1=" " ind2=" " tag="080"><subfield code="a">538.9(061.3)</subfield></datafield><datafield ind1="1" ind2=" " tag="100"><subfield code="a">Treusch, J</subfield></datafield><datafield ind1="1" ind2="0" tag="245"><subfield code="a">Festkorperprobleme band xxi. advances in solid state physics</subfield><subfield code="b">Plenary lectures of the divisions semiconductor physics, metal physics, low temperature physics, thermodynamics and statistical physics, thin films, magnetism, quantm optics, of the german physical society munster, march 9-14, 1981</subfield><subfield code="c">J. treusch (ed.)</subfield></datafield><datafield ind1=" " ind2=" " tag="260"><subfield code="a">Breaunschweig</subfield><subfield code="b">Friedr. Vieweg &amp; Sohn</subfield><subfield code="c">1981</subfield></datafield><datafield ind1=" " ind2=" " tag="300"><subfield code="a">443P</subfield></datafield><datafield ind1=" " ind2=" " tag="852"><subfield code="a">18555</subfield><subfield code="c">539.2</subfield></datafield><datafield ind1=" " ind2=" " tag="CAT"><subfield code="a">Sys</subfield><subfield code="c">20121005</subfield><subfield code="h">121056</subfield></datafield></record></collection>